@article{twodim,
    author = "R. Blackwell and G. M. Kelly and A. J. Power",
    title = "Two-dimensional monad theory",
    journal = "Journal of Pure and Applied Algebra",
    volume = "59",
    number = "1",
    pages = "1-41",
    year = "1989",
    issn = "0022-4049",
    doi = "10.1016/0022-4049(89)90160-6" }

@INPROCEEDINGS{abssyn,
    author={M. Fiore and G. Plotkin and D. Turi},
    booktitle={Proceedings, 14th Symposium on Logic in Computer Science},
    title={Abstract syntax and variable binding},
    year={1999}, volume={}, number={}, pages={193-202},} 

@book{jacobs,
	doi = {10.1016/s0049-237x(98)x8028-6},
	year = {1998},
	publisher = {Elsevier},
	address = {Amsterdam},
	author = {B. Jacobs},
	title = {Categorical Logic and Type Theory} }

@article{kelly,
    author = {Kelly, G.},
    year = {2005},
    title = {The Basic Concepts of Enriched Category Theory},
    volume = {10},
    journal = {Reprints in Theory and Applications of Categories},
    doi = {10.1112/blms/15.1.96},
    url = {http://www.tac.mta.ca/tac/reprints/articles/10/tr10abs.html} }
	
@article{lawvere,
	doi = {10.1073/pnas.50.5.869},
	year = 1963,
	volume = {50},
	number = {5},
	pages = {869--872},
	author = {F. W. Lawvere},
	title = {Functorial semantics of algebraic theories},
	journal = {Proceedings of the National Academy of Sciences},
	url = {http://tac.mta.ca/tac/reprints/articles/5/tr5abs.html}
}

@incollection{linton,
	doi = {10.1007/978-3-642-99902-4$\underline{\;\;}$3},
	year = 1966,
	publisher = {Springer},
	place = {Berlin},
	pages = {84-94},
	author = {F. E. J. Linton},
	title = {Some aspects of equational categories},
	booktitle = {Proceedings of the Conference on Categorical Algebra} }
    
    
@book{algthys,
	doi = {10.1017/cbo9780511760754.005},
	url = {https://doi.org/10.1017\%2Fcbo9780511760754.005},
	publisher = {Cambridge University Press},
	pages = {10--20},
	author = {J. Adamek and J. Rosicky and E. M. Vitale and F. W. Lawvere},
	title = {Algebraic Theories}
}

@incollection{soats,
	doi = {10.1007/978-3-642-15155-2_33},
	url = {https://doi.org/10.1007\%2F978-3-642-15155-2_33},
	year = 2010,
	publisher = {Springer Berlin Heidelberg},
	pages = {368--380},
	author = {Marcelo Fiore and Ola Mahmoud},
	title = {Second-Order Algebraic Theories},
	booktitle = {Mathematical Foundations of Computer Science 2010}
}

@inproceedings{polythy,
	doi = {10.1109/lics.2013.59},
	url = {https://doi.org/10.1109\%2Flics.2013.59},
	year = 2013,
	month = {jun},
	publisher = {{IEEE}},
	author = {Marcelo Fiore and Makoto Hamana},
	title = {Multiversal Polymorphic Algebraic Theories: Syntax, Semantics, Translations, and Equational Logic},
	booktitle = {2013 28th Annual {ACM}/{IEEE} Symposium on Logic in Computer Science}
}

@inproceedings{depthy,
	doi = {10.1109/lics.2008.38},
	url = {https://doi.org/10.1109\%2Flics.2008.38},
	year = 2008,
	month = {jun},
	publisher = {{IEEE}},
	author = {Marcelo Fiore},
	title = {Second-Order and Dependently-Sorted Abstract Syntax},
	booktitle = {2008 23rd Annual {IEEE} Symposium on Logic in Computer Science}
}

@article{genop,
	doi = {10.1007/s00029-017-0361-3},
	url = {https://doi.org/10.1007\%2Fs00029-017-0361-3},
	year = 2017,
	month = {nov},
	publisher = {Springer Science and Business Media {LLC}},
	volume = {24},
	number = {3},
	pages = {2791--2830},
	author = {M. Fiore and N. Gambino and M. Hyland and G. Winskel},
	title = {Relative pseudomonads, Kleisli bicategories, and substitution monoidal structures},
	journal = {Selecta Mathematica}
}

@article{graphreg,
    author = {B. Fong and D. Spivak},
    title = {Graphical Regular Logic},
    url = {https://arxiv.org/abs/1812.05765}
    year = 2018
    }
    
@misc{kframe,
    title = {K Framework},
    url = {http://www.kframework.org/index.php/Main\_Page}}

@article{kelly-operads,
    author = {G. M. Kelly},
    year = {2005},
    month = {01},
    pages = {},
    title = {On the Operads of J.P. May},
    volume = {2005},
    journal = {Theory and Applications of Categories}
}

@article{hyper,
	doi = {10.1111/j.1746-8361.1969.tb01194.x},
	url = {https://doi.org/10.1111\%2Fj.1746-8361.1969.tb01194.x},
	year = 1969,
	month = {dec},
	publisher = {Wiley},
	volume = {23},
	number = {3-4},
	pages = {281--296},
	author = {F. William Lawvere},
	title = {Adjointness in Foundations},
	journal = {dialectica}
}

@article{holog,
	doi = {10.2307/2274784},
	url = {https://doi.org/10.2307\%2F2274784},
	year = 1989,
	month = {sep},
	publisher = {Cambridge University Press ({CUP})},
	volume = {54},
	number = {3},
	pages = {1113},
	author = {J. L. Bell and J. Lambek and P. J. Scott},
	title = {Introduction to Higher Order Categorical Logic.},
	journal = {The Journal of Symbolic Logic}
}

@book{sheavesinGL,
	doi = {10.1007/978-1-4612-0927-0},
	url = {https://doi.org/10.1007\%2F978-1-4612-0927-0},
	year = 1994,
	publisher = {Springer New York},
	author = {Saunders Mac Lane and Ieke Moerdijk},
	title = {Sheaves in Geometry and Logic}
}

@incollection{polyadic,
	doi = {10.1007/978-3-642-58041-3_6},
	url = {https://doi.org/10.1007\%2F978-3-642-58041-3_6},
	year = 1993,
	publisher = {Springer Berlin Heidelberg},
	pages = {203--246},
	author = {Robin Milner},
	title = {The Polyadic $\uppi$-Calculus: a Tutorial},
	booktitle = {Logic and Algebra of Specification}
}

@article{pical,
	doi = {10.1016/s0167-6423(00)00008-3},
	url = {https://doi.org/10.1016\%2Fs0167-6423\%2800\%2900008-3},
	year = 2000,
	month = {aug},
	publisher = {Elsevier {BV}},
	volume = {38},
	number = {1-3},
	pages = {151--153},
	author = {Davide Sangiorgi},
	title = {Communicating and Mobile Systems: the $\uppi$-calculus,},
	journal = {Science of Computer Programming}
}

@incollection{namespace,
	doi = {10.1007/11580850_19},
	url = {https://doi.org/10.1007\%2F11580850_19},
	year = 2005,
	publisher = {Springer Berlin Heidelberg},
	pages = {353--369},
	author = {L. G. Meredith and Matthias Radestock},
	title = {Namespace Logic: A Logic for a Reflective Higher-Order Calculus},
	booktitle = {Trustworthy Global Computing}
}

@article{rhocal,
	doi = {10.1016/j.entcs.2005.05.016},
	url = {https://doi.org/10.1016\%2Fj.entcs.2005.05.016},
	year = 2005,
	month = {dec},
	publisher = {Elsevier {BV}},
	volume = {141},
	number = {5},
	pages = {49--67},
	author = {L.G. Meredith and Matthias Radestock},
	title = {A Reflective Higher-order Calculus},
	journal = {Electronic Notes in Theoretical Computer Science}
}

@article{moggi,
	doi = {10.1016/0890-5401(91)90052-4},
	url = {https://doi.org/10.1016\%2F0890-5401\%2891\%2990052-4},
	year = 1991,
	month = {jul},
	publisher = {Elsevier {BV}},
	volume = {93},
	number = {1},
	pages = {55--92},
	author = {Eugenio Moggi},
	title = {Notions of computation and monads},
	journal = {Information and Computation}
}

@misc{rchain,
    title = {RChain},
    url = {https://www.rchain.coop/}}
    
@inproceedings{matchlog,
	doi = {10.1109/lics.2019.8785675},
	url = {https://doi.org/10.1109\%2Flics.2019.8785675},
	year = 2019,
	month = {jun},
	publisher = {{IEEE}},
	author = {Xiaohong Chen and Grigore Rosu},
	title = {Matching $\upmu$-Logic},
	booktitle = {2019 34th Annual {ACM}/{IEEE} Symposium on Logic in Computer Science ({LICS})}
}

@incollection{param,
	doi = {10.1007/978-3-642-37075-5_26},
	url = {https://doi.org/10.1007\%2F978-3-642-37075-5_26},
	year = 2013,
	publisher = {Springer Berlin Heidelberg},
	pages = {401--417},
	author = {Sam Staton},
	title = {An Algebraic Presentation of Predicate Logic},
	booktitle = {Lecture Notes in Computer Science}
}

@inproceedings{opsem,
	doi = {10.1109/lics.1997.614955},
	url = {https://doi.org/10.1109\%2Flics.1997.614955},
	publisher = {{IEEE} Comput. Soc},
	author = {D. Turi and G. Plotkin},
	title = {Towards a mathematical operational semantics},
	booktitle = {Proceedings of Twelfth Annual {IEEE} Symposium on Logic in Computer Science}
}

@incollection{hur,
	doi = {10.1007/978-3-642-15205-4_26},
	url = {https://doi.org/10.1007\%2F978-3-642-15205-4_26},
	year = 2010,
	publisher = {Springer Berlin Heidelberg},
	pages = {320--335},
	author = {Marcelo Fiore and Chung-Kil Hur},
	title = {Second-Order Equational Logic (Extended Abstract)},
	booktitle = {Computer Science Logic}
}

@article{hylandpower,
	doi = {10.1016/j.entcs.2007.02.019},
	url = {https://doi.org/10.1016%2Fj.entcs.2007.02.019},
	year = 2007,
	month = {apr},
	publisher = {Elsevier {BV}},
	volume = {172},
	pages = {437--458},
	author = {Martin Hyland and John Power},
	title = {The Category Theoretic Understanding of Universal Algebra: Lawvere Theories and Monads},
	journal = {Electronic Notes in Theoretical Computer Science}
}